@article{Deng2014,
    author = {Deng, Li},
    title = {A tutorial survey of architectures, algorithms, and applications for deep learning},
    journal = {APSIPA Transactions on Signal and Information Processing},
    volume = {3},
    year = {2014},
    pages = {e2},
}

@article{Ribeiro2016,
    author = {Ribeiro, Marco Tulio and Singh, Sameer and Guestrin, Carlos},
    title = {"Why should I trust you?" Explaining the predictions of any classifier},
    journal = {Proceedings of the 22nd ACM SIGKDD International Conference on Knowledge Discovery and Data Mining},
    year = {2016},
    pages = {1135-1144},
}

@article{Adadi2018,
    author = {Adadi, Amina and Berrada, Mohammed},
    title = {Peeking Inside the Black-Box: A Survey on Explainable Artificial Intelligence (XAI)},
    journal = {IEEE Access},
    volume = {6},
    year = {2018},
    pages = {52138-52160},
}

@article{Vellido2012,
    author = {Vellido, Alfredo and Lisboa, Paulo J.G. and Meehan, Kieran},
    title = {Quantitative characterization and prediction of online purchasing behaviour: A latent variable approach},
    journal = {Intelligent Data Analysis},
    volume = {16},
    year = {2012},
    pages = {505-522},
}

@book{Molnar2020,
    author = {Molnar, Christoph},
    title = {Interpretable Machine Learning},
    year = {2020},
    publisher = {Lulu.com},
}

@article{Lundberg2017,
    author = {Lundberg, Scott M. and Lee, Su-In},
    title = {A unified approach to interpreting model predictions},
    journal = {Advances in Neural Information Processing Systems},
    year = {2017},
    pages = {4768-4777},
}

@article{Arner2020,
    author = {Arner, D. W. and Barberis, J. and Buckley, R. P.},
    title = {The Evolution of Fintech: A New Post-crisis Paradigm},
    journal = {Georgetown Journal of International Law},
    volume = {47},
    number = {4},
    year = {2020},
    pages = {1271-1319},
}
@article{Gomber2018,
    author = {Gomber, P. and Kauffman, R. J. and Parker, C. and Weber, B. W.},
    title = {On the Fintech Revolution: Interpreting the Forces of Innovation, Disruption, and Transformation in Financial Services},
    journal = {Journal of Management Information Systems},
    volume = {35},
    number = {1},
    year = {2018},
    pages = {220-265},
}
@inbook{Dhar2018,
    author = {Dhar, V.},
    title = {Machine Learningâ€”The Future of Finance},
    booktitle = {Machine Learning Applications for Data Center Optimization},
    publisher = {Springer},
    address = {Cham},
    year = {2018},
    pages = {21-31},
}
@article{Rudin2019,
    author = {Rudin, C.},
    title = {Stop explaining black box machine learning models for high stakes decisions and use interpretable models instead},
    journal = {Nature Machine Intelligence},
    volume = {1},
    number = {5},
    year = {2019},
    pages = {206-215},
}
@inproceedings{Lou2012,
    author = {Lou, Y. and Caruana, R. and Gehrke, J.},
    title = {Intelligible models for classification and regression},
    booktitle = {Proceedings of the 18th ACM SIGKDD international conference on Knowledge discovery and data mining},
    year = {2012},
    pages = {150-158},
}
@inproceedings{Lakkaraju2016,
    author = {Lakkaraju, H. and Bach, S. H. and Leskovec, J.},
    title = {Interpretable decision sets: A joint framework for description and prediction},
    booktitle = {Proceedings of the 22nd ACM SIGKDD international conference on Knowledge discovery and data mining},
    year = {2016},
    pages = {1675-1684},
}

@article{Goodman2017,
    author = {Goodman, B. and Flaxman, S.},
    title = {European Union regulations on algorithmic decision-making and a" right to explanation"},
    journal = {AI magazine},
    volume = {38},
    number = {3},
    year = {2017},
    pages = {50-57},
}

@inproceedings{Lou2012,
    author = {Lou, Y. and Caruana, R. and Gehrke, J.},
    title = {Intelligible models for classification and regression},
    booktitle = {Proceedings of the 18th ACM SIGKDD international conference on Knowledge discovery and data mining},
    year = {2012},
    pages = {150-158},
}

@article{Edwards2017,
    author = {Edwards, L. and Veale, M.},
    title = {Slave to the algorithm? Why a 'right to an explanation' is probably not the remedy you are looking for},
    journal = {Duke L. & Tech. Rev.},
    volume = {16},
    year = {2017},
    pages = {18},
}

@inbook{Athey2021,
    author = {Athey, S.},
    title = {The Impact of Machine Learning on Economics},
    booktitle = {The Economics of Artificial Intelligence: An Agenda},
    year = {2021},
    pages = {507-547},
    publisher = {University of Chicago Press},
}

@inproceedings{Bhatt2020,
    author = {Bhatt, U. and Xiang, A. and Sharma, S.},
    title = {Explainable machine learning in deployment},
    booktitle = {Proceedings of the 2020 Conference on Fairness, Accountability, and Transparency},
    year = {2020},
    pages = {648-657},
}

@article{Carvalho2019,
    author = {Carvalho, D. V. and Pereira, E. M. and Cardoso, J. S.},
    title = {Machine Learning Interpretability: A Survey on Methods and Metrics},
    journal = {Electronics},
    volume = {8}
    }
